<?xml version="1.0" encoding="UTF-8"?><collection><record><leader>03009ntm a2200373 a 4500</leader><controlfield tag="001">002594341</controlfield><controlfield tag="003">MiAaHDL</controlfield><controlfield tag="005">20190719000000.0</controlfield><controlfield tag="006">m        d        </controlfield><controlfield tag="007">cr bn ---auaua</controlfield><controlfield tag="008">930210s1823    xx            00||  ara d</controlfield><datafield tag="035" ind1=" " ind2=" "><subfield code="a">(MiU)002594341</subfield></datafield><datafield tag="035" ind1=" " ind2=" "><subfield code="a">sdr-miu002594341</subfield></datafield><datafield tag="035" ind1=" " ind2=" "><subfield code="a">(OCoLC)34365810</subfield></datafield><datafield tag="035" ind1=" " ind2=" "><subfield code="a">(RLIN)MIUH93-A9</subfield></datafield><datafield tag="040" ind1=" " ind2=" "><subfield code="a">MiU</subfield><subfield code="c">MiU</subfield><subfield code="e">appm</subfield><subfield code="d">MiU</subfield></datafield><datafield tag="100" ind1="1" ind2=" "><subfield code="6">880-01</subfield><subfield code="a">Razzāz, Riḍwān Afandī al-Falakī,</subfield><subfield code="d">d. 1710.</subfield></datafield><datafield tag="245" ind1="1" ind2="0"><subfield code="6">880-02</subfield><subfield code="a">Dustūr uṣūl ʻilm al-mīqāt wa-natījat al-naẓar fī taḥrīr al-awqāt :</subfield><subfield code="k">manuscript,</subfield><subfield code="f">[1823].</subfield></datafield><datafield tag="300" ind1=" " ind2=" "><subfield code="a">1</subfield><subfield code="f">v. ([211] p.) ;</subfield><subfield code="c">18 cm.</subfield></datafield><datafield tag="500" ind1=" " ind2=" "><subfield code="a">Watermarks: horn in scrollwork; ALMASSO in roman. See Edward Heawood, Watermarks, Mainly of the 17th and 18th Centuries (Hilversum, 1950), nos. 2772 and 3748.</subfield></datafield><datafield tag="500" ind1=" " ind2=" "><subfield code="a">Contains astronomical tables.</subfield></datafield><datafield tag="500" ind1=" " ind2=" "><subfield code="a">Text rubricated and ruled in red.</subfield></datafield><datafield tag="500" ind1=" " ind2=" "><subfield code="a">Date of composition, name of copyist, and date of copying in colophon: qāla al-muʾallif ... kātibuhu Riḍwān fī yawm al-khāmis wa-ʻishrīn min shahr Ramaḍān sanat 1105 [20 May 1694] ... wa-qad nasakhahā min nuskhah nusikhat min nuskhat al-muʾallif ... fī shahr Ṣafar sanat 1239 [October-November 1823] tisʻah wa-thalāthīn wa-miyatayn wa-alf hijrīyah ʻalá yad al-faqīr Aḥmad ibn Ibrāhīm al-Sharbatlī.</subfield></datafield><datafield tag="510" ind1="4" ind2=" "><subfield code="a">GAL,</subfield><subfield code="c">v. II, p. 471; King, Survey, p. 107; Heyworth-Dunne, Intro. to Hist. of Ed. in Mod. Eg., p. 79.</subfield></datafield><datafield tag="520" ind1=" " ind2=" "><subfield code="a">"An extensive treatise on timekeeping consisting of an introduction and tables lifted from the main Cairo corpus." David A. King, A Survey of the Scientific Manuscripts in the Egyptian National Library (Winona Lake, 1986), p. 107. Contains astronomical tables, star catalogs, and tables giving correspondences of the Islamic and Coptic calendars from 1819 to 1987.</subfield></datafield><datafield tag="538" ind1=" " ind2=" "><subfield code="a">Mode of access: Internet.</subfield></datafield><datafield tag="541" ind1=" " ind2=" "><subfield code="d">07/--/36</subfield><subfield code="3">Manuscript</subfield><subfield code="a">McGregor Fund</subfield><subfield code="c">Purchase, 1933/34</subfield><subfield code="h">65 p.t.</subfield></datafield><datafield tag="545" ind1=" " ind2=" "><subfield code="a">Important 18th-cent. Egyptian scholar; wrote prolifically on mathematics and astronomy; craftsman who made many astronomical instruments and globes. See J. Heyworth-Dunne, An Introduction to the History of Education in Modern Egypt (London, 1938), p. 79.</subfield></datafield><datafield tag="561" ind1=" " ind2=" "><subfield code="a">Purchased in Cairo, 1933/34. Owners' marks: on p. [1], date 1239 [1823] has been subtracted from date 1310 (1892); on outside of case, edge title on paper label: Dustūr uṣūl ʻilm al-mīqāt wa-natījat al-naẓar fī taḥrīr al-awqāt numrat[?] 88.</subfield></datafield><datafield tag="650" ind1=" " ind2="0"><subfield code="a">Horology</subfield><subfield code="y">Early works to 1800.</subfield></datafield><datafield tag="650" ind1=" " ind2="0"><subfield code="a">Astronomy, Arab</subfield><subfield code="y">Early works to 1800.</subfield></datafield><datafield tag="650" ind1=" " ind2="0"><subfield code="a">Manuscripts, Arabic</subfield><subfield code="z">Michigan</subfield><subfield code="z">Ann Arbor.</subfield></datafield><datafield tag="773" ind1="0" ind2=" "><subfield code="7">unbc</subfield><subfield code="a">Tracy W. McGregor Collection of Arabic, Persian, and Turkish Mathematical and Astronomical Manuscripts.</subfield><subfield code="w">(CStRLIN)MIUH92-A20.</subfield></datafield><datafield tag="880" ind1="1" ind2="0"><subfield code="6">245-02/</subfield><subfield code="a">دستور أصول علم الميقات ونتيجة النظر في تحرير الأوقات :</subfield><subfield code="k">manuscript،</subfield><subfield code="f">[1823].</subfield></datafield><datafield tag="880" ind1="0" ind2=" "><subfield code="6">100-01/</subfield><subfield code="a">رضوان أفندي الفلكي الرزاز.</subfield></datafield><datafield tag="CID" ind1=" " ind2=" "><subfield code="a">002594341</subfield></datafield><datafield tag="DAT" ind1="0" ind2=" "><subfield code="a">20190719102632.0</subfield><subfield code="b">20190719000000.0</subfield></datafield><datafield tag="DAT" ind1="1" ind2=" "><subfield code="a">20190719090653.0</subfield><subfield code="b">2019-07-19T16:10:35Z</subfield></datafield><datafield tag="DAT" ind1="2" ind2=" "><subfield code="a">2015-10-10T18:00:06Z</subfield></datafield><datafield tag="CAT" ind1=" " ind2=" "><subfield code="a">SDR-MIU</subfield><subfield code="d">EX LIBRIS - ALEPH</subfield><subfield code="l">prepare.pl-004-008</subfield></datafield><datafield tag="FMT" ind1=" " ind2=" "><subfield code="a">BK</subfield></datafield><datafield tag="HOL" ind1=" " ind2=" "><subfield code="0">sdr-miu002594341</subfield><subfield code="a">MiU</subfield><subfield code="b">SDR</subfield><subfield code="c">MIU</subfield><subfield code="p">mdp.39015081447214</subfield><subfield code="s">MIU</subfield><subfield code="1">002594341</subfield></datafield><datafield tag="974" ind1=" " ind2=" "><subfield code="b">MIU</subfield><subfield code="c">MIU</subfield><subfield code="d">20190719</subfield><subfield code="s">lit-dlps-dc</subfield><subfield code="u">mdp.39015081447214</subfield><subfield code="y">1823</subfield><subfield code="r">pd</subfield><subfield code="q">bib</subfield><subfield code="t">non-US bib date1 &lt; 1896</subfield></datafield></record></collection>